@article{Friedrich:2019,
  title = {Tetrahedron integration method for strongly varying functions:
    Application to the {$GT$} self-energy},
  author = {Friedrich, Christoph},
  journal = {Phys. Rev. B},
  volume = {100},
  issue = {7},
  pages = {075142},
  numpages = {15},
  year = {2019},
  _month = {Aug},
  publisher = {American Physical Society},
  doi = {10.1103/PhysRevB.100.075142},
  url = {https://link.aps.org/doi/10.1103/PhysRevB.100.075142}
}

@article{Perdew/Burke/Ernzerhof:1996,
  title = {Generalized Gradient Approximation Made Simple},
  author = {Perdew, John P. and Burke, Kieron and Ernzerhof, Matthias},
  journal = {Phys. Rev. Lett.},
  volume = {77},
  issue = {18},
  pages = {3865--3868},
  numpages = {0},
  year = {1996},
  _month = {Oct},
  publisher = {American Physical Society},
  doi = {10.1103/PhysRevLett.77.3865},
  url = {https://link.aps.org/doi/10.1103/PhysRevLett.77.3865}
}


@article{Kohn:1999,
  title = {Nobel Lecture: {E}lectronic structure of matter---wave functions and density functionals},
  author = {Kohn, W.},
  journal = {Rev. Mod. Phys.},
  volume = {71},
  issue = {5},
  pages = {1253--1266},
  numpages = {0},
  year = {1999},
  _month = {Oct},
  publisher = {American Physical Society},
  doi = {10.1103/RevModPhys.71.1253},
  url = {https://link.aps.org/doi/10.1103/RevModPhys.71.1253}
}


@article{Berthod_et_al:2013,
  title = {Non-{D}rude universal scaling laws for the optical response of local
    {F}ermi liquids},
  author = {Berthod, Christophe and Mravlje, Jernej and Deng, Xiaoyu and \v{Z}itko, Rok and van der Marel, Dirk and Georges, Antoine},
  journal = {Phys. Rev. B},
  volume = {87},
  issue = {11},
  pages = {115109},
  numpages = {15},
  year = {2013},
  _month = {Mar},
  publisher = {American Physical Society},
  doi = {10.1103/PhysRevB.87.115109},
  url = {https://link.aps.org/doi/10.1103/PhysRevB.87.115109}
}


@article{Dougier/Fan/Goodenough:1975,
title = {Etude des proprietes magnetiques, electriques et optiques des phases de structure perovskite {SrVO$_{2.90}$} et {SrVO$_3$}},
_journal = {Journal of Solid State Chemistry},
journal = {J. Solid State Chem.},
volume = {14},
number = {3},
pages = {247-259},
year = {1975},
issn = {0022-4596},
doi = {https://doi.org/10.1016/0022-4596(75)90029-8},
url = {https://www.sciencedirect.com/science/article/pii/0022459675900298},
author = {Patrick Dougier and John C.C. Fan and John B. Goodenough}
}

@article{Monkhorst/Pack:1976,
  title = {Special points for {B}rillouin-zone integrations},
  author = {Monkhorst, Hendrik J. and Pack, James D.},
  journal = {Phys. Rev. B},
  volume = {13},
  issue = {12},
  pages = {5188--5192},
  numpages = {0},
  year = {1976},
  _month = {Jun},
  publisher = {American Physical Society},
  doi = {10.1103/PhysRevB.13.5188},
  url = {https://link.aps.org/doi/10.1103/PhysRevB.13.5188}
}

@article{Georges:1996,
  title = {Dynamical mean-field theory of strongly correlated fermion systems and the limit of infinite dimensions},
  author = {Georges, Antoine and Kotliar, Gabriel and Krauth, Werner and Rozenberg, Marcelo J.},
  journal = {Rev. Mod. Phys.},
  volume = {68},
  issue = {1},
  pages = {13--125},
  numpages = {0},
  year = {1996},
  _month = {Jan},
  publisher = {American Physical Society},
  doi = {10.1103/RevModPhys.68.13},
  url = {https://link.aps.org/doi/10.1103/RevModPhys.68.13}
}

@ARTICLE{Kratzer/Neugebauer:2019,
AUTHOR={Kratzer, Peter and Neugebauer, Jörg},
TITLE={The Basics of Electronic Structure Theory for Periodic Systems},
JOURNAL={Frontiers in Chemistry},
VOLUME={7},
YEAR={2019},
URL={https://www.frontiersin.org/articles/10.3389/fchem.2019.00106},
DOI={10.3389/fchem.2019.00106},
ISSN={2296-2646}
}

@article{Yates_et_al:2007,
  title = {Spectral and {F}ermi surface properties from {W}annier interpolation},
  author = {Yates, Jonathan R. and Wang, Xinjie and Vanderbilt, David and Souza, Ivo},
  journal = {Phys. Rev. B},
  volume = {75},
  issue = {19},
  pages = {195121},
  numpages = {11},
  year = {2007},
  _month = {May},
  publisher = {American Physical Society},
  doi = {10.1103/PhysRevB.75.195121},
  url = {https://link.aps.org/doi/10.1103/PhysRevB.75.195121}
}


@article{Garrity_et_al:2014,
title = {Pseudopotentials for high-throughput {DFT} calculations},
_journal = {Computational Materials Science},
journal = {Comput. Mater. Sci.},
volume = {81},
pages = {446-452},
year = {2014},
issn = {0927-0256},
doi = {https://doi.org/10.1016/j.commatsci.2013.08.053},
url = {https://www.sciencedirect.com/science/article/pii/S0927025613005077},
author = {Kevin F. Garrity and Joseph W. Bennett and Karin M. Rabe and David Vanderbilt},
keywords = {Pseudopotentials, High-throughput, Density functional theory}
}

@Article{Giannozzi_et_al:2009,
  author  = {Paolo Giannozzi and Stefano Baroni and Nicola Bonini and Matteo Calandra and Roberto Car and Carlo Cavazzoni and Davide Ceresoli and Guido L.~Chiarotti and Matteo Cococcioni and Ismaila Dabo and Andrea Dal Corso and Stefano de Gironcoli and Stefano Fabris and Guido Fratesi and Ralph Gebauer and Uwe Gerstmann and Christos Gougoussis and Anton Kokalj and Michele Lazzeri and Layla Martin-Samos and Nicola Marzari and Francesco Mauri and Riccardo Mazzarello and Stefano Paolini and Alfredo Pasquarello and Lorenzo Paulatto and Carlo Sbraccia and Sandro Scandalo and Gabriele Sclauzero and Ari P.~Seitsonen and Alexander Smogunov and Paolo Umari and Renata Wentzcovitch},
  title   = {{Quantum ESPRESSO}: a modular and open-source software project for quantum simulations of materials},
  _journal = {Journal of Physics: Condensed Matter},
  journal = {J. Phys. Condens. Matter},
  year    = {2009},
  volume  = {21},
  pages   = {395502},
  doi     = {10.1088/0953-8984/21/39/395502},
}

@Article{wannier90,
  Title                    = {wannier90: A tool for obtaining maximally-localised {W}annier functions},
  Author                   = {Arash A. Mostofi and Jonathan R. Yates and Young-Su Lee and Ivo Souza and David Vanderbilt and Nicola Marzari},
  _Journal                  = {Computer Physics Communications},
  Journal                  = {Comput. Phys. Commun.},
  Year                     = {2008},
  Number                   = {9},
  Pages                    = {685 - 699},
  Volume                   = {178},

  Doi                      = {https://doi.org/10.1016/j.cpc.2007.11.016},
  ISSN                     = {0010-4655},
  Keywords                 = {Electronic structure, Density-functional theory, Wannier function},
  Url                      = {http://www.sciencedirect.com/science/article/pii/S0010465507004936}
}

@article{Souza/Marzari/Vanderbilt:2001,
  title = {Maximally localized {W}annier functions for entangled energy bands},
  author = {Souza, Ivo and Marzari, Nicola and Vanderbilt, David},
  journal = {Phys. Rev. B},
  volume = {65},
  issue = {3},
  pages = {035109},
  numpages = {13},
  year = {2001},
  _month = {Dec},
  publisher = {American Physical Society},
  doi = {10.1103/PhysRevB.65.035109},
  url = {https://link.aps.org/doi/10.1103/PhysRevB.65.035109}
}

@article{Marzari/Vanderbilt:1997,
  title = {Maximally localized generalized {W}annier functions for composite energy bands},
  author = {Marzari, Nicola and Vanderbilt, David},
  journal = {Phys. Rev. B},
  volume = {56},
  issue = {20},
  pages = {12847--12865},
  numpages = {0},
  year = {1997},
  _month = {Nov},
  publisher = {American Physical Society},
  doi = {10.1103/PhysRevB.56.12847},
  url = {https://link.aps.org/doi/10.1103/PhysRevB.56.12847}
}

@article{assmann16,
title = {woptic: Optical conductivity with {W}annier functions and adaptive k-mesh refinement},
_journal = {Computer Physics Communications},
journal={Comput. Phys. Commun.},
volume = {202},
pages = {1-11},
year = {2016},
issn = {0010-4655},
doi = {https://doi.org/10.1016/j.cpc.2015.12.010},
url = {https://www.sciencedirect.com/science/article/pii/S0010465515004488},
author = {E. Assmann and P. Wissgott and J. Kune{\v s} and A. Toschi and P. Blaha and K. Held},
}

@article{berntsen91,
author = {Berntsen, Jarle and Espelid, Terje O. and Genz, Alan},
title = {An Adaptive Algorithm for the Approximate Calculation of Multiple Integrals},
year = {1991},
publisher = {Association for Computing Machinery},
address = {New York, NY, USA},
volume = {17},
number = {4},
issn = {0098-3500},
url = {https://doi.org/10.1145/210232.210233},
doi = {10.1145/210232.210233},
journal = {ACM Trans. Math. Softw.},
_month = {dec},
pages = {437–451},
numpages = {15}
}


@article{berrut04,
  title={Barycentric {L}agrange interpolation},
  author={Berrut, Jean-Paul and Trefethen, Lloyd N},
  _journal={SIAM Review},
  journal={SIAM Rev.},
  volume={46},
  number={3},
  pages={501--517},
  year={2004},
  publisher={SIAM}
}

@article{bjorkman11,
author = {Bj{\"o}rkman, Torbj{\"o}rn and Gr\r{a}n{\"a}s, Oscar},
title = {Adaptive smearing for {B}rillouin zone integration},
_journal = {International Journal of Quantum Chemistry},
journal = {Int. J. Quantum Chem.},
volume = {111},
number = {5},
pages = {1025-1030},
keywords = {Brillouin zone integration, band structure methods, Gaussian smearing, magnetocrystalline anisotropy energy},
doi = {https://doi.org/10.1002/qua.22476},
url = {https://onlinelibrary.wiley.com/doi/abs/10.1002/qua.22476},
eprint = {https://onlinelibrary.wiley.com/doi/pdf/10.1002/qua.22476},
year = {2011}
}


@article{blochl94,
  title = {Improved tetrahedron method for {B}rillouin-zone integrations},
  author = {Bl\"ochl, Peter E. and Jepsen, O. and Andersen, O. K.},
  journal = {Phys. Rev. B},
  volume = {49},
  issue = {23},
  pages = {16223--16233},
  numpages = {0},
  year = {1994},
  _month = {Jun},
  publisher = {American Physical Society},
  doi = {10.1103/PhysRevB.49.16223},
  url = {https://link.aps.org/doi/10.1103/PhysRevB.49.16223}
}


@article{bruno97,
  title = {Algorithms for {K}orringa-{K}ohn-{R}ostoker electronic
    structure calculations in any {B}ravais lattice},
  author = {Bruno, E. and Ginatempo, B.},
  journal = {Phys. Rev. B},
  volume = {55},
  issue = {19},
  pages = {12946--12955},
  numpages = {0},
  year = {1997},
  _month = {May},
  publisher = {American Physical Society},
  doi = {10.1103/PhysRevB.55.12946},
  url = {https://link.aps.org/doi/10.1103/PhysRevB.55.12946}
}

@article{chen22,
  title = {Nonuniform grids for {B}rillouin zone integration and interpolation},
  author = {Chen, Siyu and Salzbrenner, Pascal T. and Monserrat, Bartomeu},
  journal = {Phys. Rev. B},
  volume = {106},
  issue = {15},
  pages = {155102},
  numpages = {18},
  year = {2022},
  _month = {Oct},
  publisher = {American Physical Society},
  doi = {10.1103/PhysRevB.106.155102},
  url = {https://link.aps.org/doi/10.1103/PhysRevB.106.155102}
}

@misc{duchemin22,
      title = {Efficient extraction of resonant states in systems with defects}, 
      author = {Duchemin, Ivan and Genovese, Luigi and Letournel, Eloïse and Levitt, Antoine and Ruget, Simon},
      year={2022},
      eprint={2204.07063},
      note = {arXiv:2204.07063},
      url={https://arxiv.org/abs/2204.07063},
      doi = {10.48550/ARXIV.2204.07063}
}

@article{genz80,
title = {Remarks on algorithm 006: {A}n adaptive algorithm for numerical
  integration over an {N}-dimensional rectangular region},
_journal = {Journal of Computational and Applied Mathematics},
journal = {J. Comput. Appl. Math.},
volume = {6},
number = {4},
pages = {295-302},
year = {1980},
issn = {0377-0427},
doi = {https://doi.org/10.1016/0771-050X(80)90039-X},
url = {https://www.sciencedirect.com/science/article/pii/0771050X8090039X},
author = {A.C. Genz and A.A. Malik}
}

@article{ghim22,
  title = {Converging tetrahedron method calculations for the nondissipative parts of spectral functions},
  author = {Ghim, Minsu and Park, Cheol-Hwan},
  journal = {Phys. Rev. B},
  volume = {106},
  issue = {7},
  pages = {075126},
  numpages = {10},
  year = {2022},
  _month = {Aug},
  publisher = {American Physical Society},
  doi = {10.1103/PhysRevB.106.075126},
  url = {https://link.aps.org/doi/10.1103/PhysRevB.106.075126}
}

@article{haule10,
  title = {Dynamical mean-field theory within the full-potential methods: Electronic structure of {CeIrIn$_{5}$}, {CeCoIn$_{5}$}, and {CeRhIn$_{5}$}},
  author = {Haule, Kristjan and Yee, Chuck-Hou and Kim, Kyoo},
  journal = {Phys. Rev. B},
  volume = {81},
  issue = {19},
  pages = {195107},
  numpages = {30},
  year = {2010},
  _month = {May},
  publisher = {American Physical Society},
  doi = {10.1103/PhysRevB.81.195107},
  url = {https://link.aps.org/doi/10.1103/PhysRevB.81.195107}
}

@article{henk01,
  title = {Integration over two-dimensional {B}rillouin zones by adaptive mesh refinement},
  author = {Henk, J.},
  journal = {Phys. Rev. B},
  volume = {64},
  issue = {3},
  pages = {035412},
  numpages = {6},
  year = {2001},
  _month = {Jun},
  publisher = {American Physical Society},
  doi = {10.1103/PhysRevB.64.035412},
  url = {https://link.aps.org/doi/10.1103/PhysRevB.64.035412}
}

@article{ho82,
  title = {Vibrational Frequencies and Structural Properties of Transition Metals via Total-Energy Calculations},
  author = {Ho, K. -M. and Fu, C. L. and Harmon, B. N. and Weber, W. and Hamann, D. R.},
  journal = {Phys. Rev. Lett.},
  volume = {49},
  issue = {9},
  pages = {673--676},
  numpages = {0},
  year = {1982},
  _month = {Aug},
  publisher = {American Physical Society},
  doi = {10.1103/PhysRevLett.49.673},
  url = {https://link.aps.org/doi/10.1103/PhysRevLett.49.673}
}

@article{jepson71,
title = {The electronic structure of h.c.p. {Y}tterbium},
_journal = {Solid State Communications},
journal = {Solid State Commun.},
volume = {9},
number = {20},
pages = {1763-1767},
year = {1971},
issn = {0038-1098},
doi = {https://doi.org/10.1016/0038-1098(71)90313-9},
url = {https://www.sciencedirect.com/science/article/pii/0038109871903139},
author = {O. Jepson and O.K. Anderson}
}

@article{jorgensen22,
  title={A general algorithm for calculating irreducible {B}rillouin
    zones},
  author={Jorgensen, Jeremy J. and Christensen, John E. and Jarvis,
    Tyler J. and Hart, Gus L. W.},
  journal={Commun. Comput. Phys.},
  volume={31},
  number={2},
  pages={495-515},
  year={2022},
  doi={10.4208/cicp.OA-2021-0094}
}


@book{kahaner88,
  title={Numerical Methods and Software},
  author={Kahaner, D. and Moler, C.B. and Nash, S. and Forsythe, G.E. and Nash, S.G. and Malcolm, M.A.},
  isbn={9780136272588},
  lccn={88015540},
  _series={Prentice-Hall series in computational mathematics},
  url={https://books.google.com/books?id=jipEAQAAIAAJ},
  year={1988},
  publisher={Prentice Hall}
}


@book{kaxiras03, 
  place={Cambridge}, 
  title={Atomic and Electronic Structure of Solids}, 
  DOI={10.1017/CBO9780511755545}, 
  publisher={Cambridge University Press}, 
  author={Kaxiras, Efthimios}, 
  year={2003}
}

@article{kawamura14,
  title = {Improved tetrahedron method for the {B}rillouin-zone integration applicable to response functions},
  author = {Kawamura, Mitsuaki and Gohda, Yoshihiro and Tsuneyuki, Shinji},
  journal = {Phys. Rev. B},
  volume = {89},
  issue = {9},
  pages = {094515},
  numpages = {8},
  year = {2014},
  _month = {Mar},
  publisher = {American Physical Society},
  doi = {10.1103/PhysRevB.89.094515},
  url = {https://link.aps.org/doi/10.1103/PhysRevB.89.094515}
}

@article{lehmann72,
author = {Lehmann, G. and Taut, M.},
title = {On the Numerical Calculation of the Density of States and Related Properties},
_journal = {Physica Status Solidi B},
journal = {Phys. Status Solidi B},
volume = {54},
number = {2},
pages = {469-477},
doi = {https://doi.org/10.1002/pssb.2220540211},
url = {https://onlinelibrary.wiley.com/doi/abs/10.1002/pssb.2220540211},
eprint = {https://onlinelibrary.wiley.com/doi/pdf/10.1002/pssb.2220540211},
year = {1972}
}

@article{methfessel89,
  title = {High-precision sampling for {B}rillouin-zone integration in metals},
  author = {Methfessel, M. and Paxton, A. T.},
  journal = {Phys. Rev. B},
  volume = {40},
  issue = {6},
  pages = {3616--3621},
  numpages = {0},
  year = {1989},
  _month = {Aug},
  publisher = {American Physical Society},
  doi = {10.1103/PhysRevB.40.3616},
  url = {https://link.aps.org/doi/10.1103/PhysRevB.40.3616}
}

@article{monkhorst76,
  title={Special points for {B}rillouin-zone integrations},
  author={Monkhorst, Hendrik J and Pack, James D},
  _journal={Physical Review B},
  journal={Phys. Rev. B},
  volume={13},
  number={12},
  pages={5188},
  year={1976},
  publisher={APS}
}


@book{piessens12,
  title={{QUADPACK}: A Subroutine Package for Automatic Integration},
  author={Piessens, R. and de Doncker-Kapenga, E. and {\"U}berhuber, C.W. and Kahaner, D.K.},
  isbn={9783642617867},
  lccn={83010359},
  series={Springer Series in Computational Mathematics},
  year={2012},
  publisher={Springer Berlin Heidelberg}
}

@book{press07,
  title={Numerical Recipes: The Art of Scientific Computing},
  author={Press, W.H. and Teukolsky, S.A. and Vetterling, W.T. and Flannery, B.P.},
  isbn={9780521880688},
  lccn={2007062003},
  edition={3},
  year={2007},
  publisher={Cambridge University Press}
}

@article{shampine08,
title = {Vectorized adaptive quadrature in {MATLAB}},
_journal = {Journal of Computational and Applied Mathematics},
journal = {J. Comput. Appl. Math.},
volume = {211},
number = {2},
pages = {131-140},
year = {2008},
issn = {0377-0427},
doi = {https://doi.org/10.1016/j.cam.2006.11.021},
url = {https://www.sciencedirect.com/science/article/pii/S037704270600700X},
author = {L.F. Shampine}
}


@article{trefethen08,
author = {Trefethen, Lloyd N.},
title = {Is {G}auss Quadrature Better than {C}lenshaw-{C}urtis?},
_journal = {SIAM Review},
journal = {SIAM Rev.},
volume = {50},
number = {1},
pages = {67-87},
year = {2008},
doi = {10.1137/060659831},
URL = {https://doi.org/10.1137/060659831}
}


@article{trefethen14,
author = {Trefethen, Lloyd N. and Weideman, J. A. C.},
title = {The Exponentially Convergent Trapezoidal Rule},
_journal = {SIAM Review},
journal = {SIAM Rev.},
volume = {56},
number = {3},
pages = {385-458},
year = {2014},
doi = {10.1137/130932132},
URL = {https://doi.org/10.1137/130932132}
}

@article{wang21,
title = {Rapid generation of optimal generalized {M}onkhorst-{P}ack grids},
_journal = {Computational Materials Science},
journal = {Comput. Mater. Sci.},
volume = {187},
pages = {110100},
year = {2021},
issn = {0927-0256},
doi = {https://doi.org/10.1016/j.commatsci.2020.110100},
url = {https://www.sciencedirect.com/science/article/pii/S0927025620305917},
author = {Yunzhe Wang and Pandu Wisesa and Adarsh Balasubramanian and Shyam Dwaraknath and Tim Mueller},
}


@book{trefethen19,
  title={Approximation theory and approximation practice},
  author={Trefethen, Lloyd N},
  volume={164},
  year={2019},
  publisher={SIAM},
  address={Philadelphia, PA}
}

@inproceedings{davis59,
year=1959,
author={P. J. Davis},
title="On the numerical integration of periodic analytic functions",
booktitle={Proceedings of a Symposium on Numerical Approximations},
editor={R. E. Langer},
publisher={University of Wisconsin Press}
}

@misc{cubature,
  author = {Steven G. Johnson},
  title = {{C}ubature v1.0.4},
  year = {2020},
  publisher = {GitHub},
  journal = {GitHub repository},
  howpublished = {\url{https://github.com/stevengj/cubature}}
}

@misc{hcubature,
  author = {Steven G. Johnson},
  title = {{HC}ubature v1.5.0},
  year = {2020},
  publisher = {GitHub},
  journal = {GitHub repository},
  howpublished = {\url{https://github.com/JuliaMath/HCubature.jl}}
}

@misc{autobz,
title={Automatic, high-order, and adaptive algorithms for {B}rillouin zone integration},
year=2022,
author={Jason Kaye and Sophie Beck and Alex Barnett and Lorenzo Van Mu{\~n}oz and Olivier Parcollet},
note={arXiv:2211.12959}
}

@article{aurentz1,
author = {Aurentz, Jared L. and Mach, Thomas and Vandebril, Raf and Watkins, David S.},
title = {Fast and Backward Stable Computation of Roots of Polynomials},
journal = {SIAM J. Matrix Anal. Appl.},
volume = {36},
number = {3},
pages = {942--973},
year = {2015},
doi = {10.1137/140983434},
URL = {https://doi.org/10.1137/140983434},
}

@article{aurentz2,
author = {Aurentz, Jared L. and Mach, Thomas and Robol, Leonardo and Vandebril, Raf and Watkins, David S.},
title = {Fast and Backward Stable Computation of Roots of Polynomials, Part {II}: Backward Error Analysis; Companion Matrix and Companion Pencil},
journal = {SIAM J. Matrix Anal. Appl.},
volume = {39},
number = {3},
pages = {1245--1269},
year = {2018},
doi = {10.1137/17M1152802},
URL = {https://doi.org/10.1137/17M1152802},
}

@misc{skowron,
author={J. Skowron and A. Gould},
year=2012,
title={General Complex Polynomial Root Solver and Its Further Optimization for Binary Microlenses},
note={arXiv:1203.1034},
}

@article{gohberg,
author={I. Ts. Gokhberg and E. I. Sigal},
title={An operator generalization of the logarithmic residue theorem and the theorem of {R}ouch\'e},
journal={Mat. Sb. (N.S.)},
year=1971,
volume={126},
number=4,
pages={607--629},
}
% in Russian :(

@article{beyn12,
title = {An integral method for solving nonlinear eigenvalue problems},
journal = {Linear Algebra Appl.},
volume = {436},
number = {10},
pages = {3839--3863},
year = {2012},
note = {Special Issue dedicated to Heinrich Voss's 65th birthday},
doi = {https://doi.org/10.1016/j.laa.2011.03.030},
url = {https://www.sciencedirect.com/science/article/pii/S0024379511002540},
author = {Wolf-Jürgen Beyn},
}
% sec 2 summarizes Keldysh which is summarizes in [26] book by Mennincken-Moeller 2003.

@article{NEVPrev,
title={The nonlinear eigenvalue problem}, volume={26}, DOI={10.1017/S0962492917000034}, journal={Acta Numerica}, publisher={Cambridge University Press}, author={G\"uttel, Stefan and Tisseur, Françoise}, year={2017}, pages={1–94}
}
